@misc{usrlib-repo,
  author = {Krollman, Carsten and Riefer, Moritz},
  title  = {{Repository der User-Library}},
  year   = {2025},
  note   = {{Hochgeladenes Repository auf Github}}
}

@online{syscalls-osdev,
  author  = {OSDev},
  title   = {System Calls},
  year    = {2024},
  url     = {http://wiki.osdev.org/System_Calls},
  urldate = {2025-06-25},
  note    = {Zugegriffen am: 25. Juni 2025}
}