@misc{usrlib-repo,
  author = {Krollman, Carsten and Riefer, Moritz},
  title  = {{Repository der User-Library}},
  year   = {2025},
  note   = {{Hochgeladenes Repository auf Github}}
}